@article{stylegan3,
  title={Alias-free generative adversarial networks},
  author={Karras, Tero and Aittala, Miika and Laine, Samuli and H{\"a}rk{\"o}nen, Erik and Hellsten, Janne and Lehtinen, Jaakko and Aila, Timo},
  journal={arXiv preprint arXiv:2106.12423},
  note={\url{https://nvlabs.github.io/stylegan3/}},
  year={2021}
}

@article{mai2018reconstruction,
   title={On the Reconstruction of Face Images from Deep Face Templates},
   volume={41},
   ISSN={1939-3539},
   url={http://dx.doi.org/10.1109/TPAMI.2018.2827389},
   DOI={10.1109/tpami.2018.2827389},
   number={5},
   journal={IEEE Transactions on Pattern Analysis and Machine Intelligence},
   publisher={Institute of Electrical and Electronics Engineers (IEEE)},
   author={Mai, Guangcan and Cao, Kai and Yuen, Pong C. and Jain, Anil K.},
   year={2019},
   month={May},
   pages={1188–1202}
}

@article{soleimani2016signature,
title = {Deep Multitask Metric Learning for Offline Signature Verification},
journal = {Pattern Recognition Letters},
volume = {80},
pages = {84-90},
year = {2016},
issn = {0167-8655},
doi = {https://doi.org/10.1016/j.patrec.2016.05.023},
url = {https://www.sciencedirect.com/science/article/pii/S0167865516301076},
author = {Amir Soleimani and Babak N. Araabi and Kazim Fouladi}
}

@article{kaya2019dmlsurvey,
author = {Kaya, Mahmut and Bilge, H.},
year = {2019},
month = {08},
pages = {1066},
title = {Deep Metric Learning: A Survey},
volume = {11},
journal = {Symmetry},
url = {https://www.mdpi.com/2073-8994/11/9/1066},
doi = {10.3390/sym11091066}
}

@misc{kaggle,
author = {{Kaggle Inc.}},
year = {2017},
title = {Quora Question Pairs. Can you identify question pairs that have the same intent?},
howpublished = {\url{https://www.kaggle.com/c/quora-question-pairs/overview/}},
}

@book{tabak2014geometry,
  title={Geometry: the language of space and form},
  author={Tabak, John},
  year={2014},
  publisher={Infobase Publishing},
  pages={150},
  ISBN={978-0-8160-6876-0},
}

@inproceedings{hoffer2015triplet,
  author="Hoffer, Elad and Ailon, Nir", editor="Feragen, Aasa and Pelillo, Marcello and Loog, Marco",
  title="Deep Metric Learning Using Triplet Network",
  booktitle="Similarity-Based Pattern Recognition",
  year="2015",
  publisher="Springer International Publishing",
  address="Cham",
  pages="84--92",
  isbn="978-3-319-24261-3"
}

@article{bromley1993siamese,
  title={Signature verification using a “siamese” time delay neural network},
  author={Bromley, Jane and Bentz, James W and Bottou, L{\'e}on and Guyon, Isabelle and LeCun, Yann and Moore, Cliff and S{\"a}ckinger, Eduard and Shah, Roopak},
  journal={International Journal of Pattern Recognition and Artificial Intelligence},
  volume={7},
  number={04},
  pages={669--688},
  year={1993},
  publisher={World Scientific}
}
